{
  "leader": "04442cam a2200505 a 4500",
  "fields": [
    {
      "001": "ocn531718916"
    },
    {
      "003": "OCoLC"
    },
    {
      "005": "20221206112846.0"
    },
    {
      "008": "100223s2011\\\\\\\\deuabf\\\\\\b\\\\\\s001\\0\\eng\\\\"
    },
    {
      "010": {
        "ind1": "\\",
        "ind2": "\\",
        "subfields": [
          {
            "a": "  2010007941"
          }
        ]
      }
    },
    {
      "040": {
        "ind1": "\\",
        "ind2": "\\",
        "subfields": [
          {
            "a": "DLC"
          },
          {
            "b": "eng"
          },
          {
            "c": "DLC"
          },
          {
            "d": "YDXCP"
          },
          {
            "d": "BWX"
          },
          {
            "d": "CUT"
          },
          {
            "d": "VVC"
          },
          {
            "d": "FUG"
          },
          {
            "d": "CUV"
          },
          {
            "d": "UKMGB"
          },
          {
            "d": "CDX"
          },
          {
            "d": "MIX"
          },
          {
            "d": "UAB"
          },
          {
            "d": "BDX"
          },
          {
            "d": "OCLCF"
          },
          {
            "d": "NYWWB"
          },
          {
            "d": "CHVBK"
          },
          {
            "d": "OCLCQ"
          },
          {
            "d": "TXI"
          },
          {
            "d": "OCLCQ"
          },
          {
            "d": "CNCLB"
          },
          {
            "d": "ERASA"
          },
          {
            "d": "IL4J6"
          },
          {
            "d": "OCLCO"
          }
        ]
      }
    },
    {
      "016": {
        "ind1": "7",
        "ind2": "\\",
        "subfields": [
          {
            "a": "015810677"
          },
          {
            "2": "Uk"
          }
        ]
      }
    },
    {
      "019": {
        "ind1": "\\",
        "ind2": "\\",
        "subfields": [
          {
            "a": "729686096"
          },
          {
            "a": "751715222"
          },
          {
            "a": "878429406"
          },
          {
            "a": "1053113772"
          }
        ]
      }
    },
    {
      "020": {
        "ind1": "\\",
        "ind2": "\\",
        "subfields": [
          {
            "a": "9781611490060"
          },
          {
            "q": "(alk. paper)"
          }
        ]
      }
    },
    {
      "020": {
        "ind1": "\\",
        "ind2": "\\",
        "subfields": [
          {
            "a": "1611490065"
          },
          {
            "q": "(alk. paper)"
          }
        ]
      }
    },
    {
      "020": {
        "ind1": "\\",
        "ind2": "\\",
        "subfields": [
          {
            "a": "9780874130966"
          },
          {
            "q": "(alk. paper)"
          }
        ]
      }
    },
    {
      "020": {
        "ind1": "\\",
        "ind2": "\\",
        "subfields": [
          {
            "a": "0874130964"
          },
          {
            "q": "(alk. paper)"
          }
        ]
      }
    },
    {
      "035": {
        "ind1": "\\",
        "ind2": "\\",
        "subfields": [
          {
            "a": "(OCoLC)531718916"
          },
          {
            "z": "(OCoLC)729686096"
          },
          {
            "z": "(OCoLC)751715222"
          },
          {
            "z": "(OCoLC)878429406"
          },
          {
            "z": "(OCoLC)1053113772"
          }
        ]
      }
    },
    {
      "043": {
        "ind1": "\\",
        "ind2": "\\",
        "subfields": [
          {
            "a": "a-cc---"
          }
        ]
      }
    },
    {
      "050": {
        "ind1": "0",
        "ind2": "0",
        "subfields": [
          {
            "a": "N72.G55"
          },
          {
            "b": "C66 2011"
          }
        ]
      }
    },
    {
      "082": {
        "ind1": "0",
        "ind2": "0",
        "subfields": [
          {
            "a": "709.51075"
          },
          {
            "b": "COL"
          }
        ]
      }
    },
    {
      "245": {
        "ind1": "0",
        "ind2": "0",
        "subfields": [
          {
            "a": "Collecting China :"
          },
          {
            "b": "the world, China, and a history of collecting /"
          },
          {
            "c": "edited by Vimalin Rujivacharakul."
          }
        ]
      }
    },
    {
      "260": {
        "ind1": "\\",
        "ind2": "\\",
        "subfields": [
          {
            "a": "Newark [Del.] :"
          },
          {
            "b": "University of Delaware Press,"
          },
          {
            "c": "c 2011."
          }
        ]
      }
    },
    {
      "300": {
        "ind1": "\\",
        "ind2": "\\",
        "subfields": [
          {
            "a": "210 pages, 24 unnumbered pages of plates :"
          },
          {
            "b": "illustrations (some color), map ;"
          },
          {
            "c": "29 cm"
          }
        ]
      }
    },
    {
      "336": {
        "ind1": "\\",
        "ind2": "\\",
        "subfields": [
          {
            "a": "text"
          },
          {
            "b": "txt"
          },
          {
            "2": "rdacontent"
          }
        ]
      }
    },
    {
      "337": {
        "ind1": "\\",
        "ind2": "\\",
        "subfields": [
          {
            "a": "unmediated"
          },
          {
            "b": "n"
          },
          {
            "2": "rdamedia"
          }
        ]
      }
    },
    {
      "338": {
        "ind1": "\\",
        "ind2": "\\",
        "subfields": [
          {
            "a": "volume"
          },
          {
            "b": "nc"
          },
          {
            "2": "rdacarrier"
          }
        ]
      }
    },
    {
      "504": {
        "ind1": "\\",
        "ind2": "\\",
        "subfields": [
          {
            "a": "Includes bibliographical references and index."
          }
        ]
      }
    },
    {
      "505": {
        "ind1": "0",
        "ind2": "\\",
        "subfields": [
          {
            "a": "China and china: an introduction to materiality and a history of collecting / Vimalin Rujivacharakul -- Goncourt's China cabinet: China fantasy and a nineteenth-century French collector / Ting Chang -- Robinson Crusoe's earthenware pot / Lydia H. Liu -- What is Chinese about ancient artifacts? : Oracles bones and the transnational collectors Hayashi Taisuke and Luo Zhenyu / Shana J. Brown -- Making Asia out of China: Okakura Kakuzo\u0304's notions of classicism / Elizabeth Lillehoj -- Selective visions: contemporary collecting of Sino-western works on paper at the Getty / Marcia Reed -- Exporting China : the collecting taste of William and Henry Walters / C. Griffith Mann -- Rockefeller home decorating and objects from China / Stanley K. Abe -- A passion for China: Henry Francis du Pont's collection of export porcelain / Ronald W. Fuchs II -- From market and exhibition to university : Sir Percival David and the institutionalization of Chinese art history in England / Stacey Pierson -- There and back again: material objects at the first international exhibition of Chinese art in Shanghai, London, and Nanjing, 1935-1936 / Ellen Huang -- Collecting the world: sculptural ensemble of bestiary on General Huo Qubing's (140-117 BCE) tumulus / Eugene Wang -- Emperors and scholars: collecting culture and late imperial antiquarianism / Paola Dematte\u0301 -- Living with art: the Yeh Family Collection and the modern practices of Chinese collecting / Wen-Hsin Yeh -- Reflections: notes on collecting in the first millennium of the common era: perspectives from west of China / Lawrence Nees."
          }
        ]
      }
    },
    {
      "520": {
        "ind1": "\\",
        "ind2": "\\",
        "subfields": [
          {
            "a": "This book charts a new path for the history of collecting by taking up the challenge in bringing together theories of materiality and the history of collecting. Fifteen essays outline a history of multicultural collecting and the global circulation of objects coded with Chinese connotations. The authors reveal the complex relationship between the arguably unified national identity of China and the inevitably multiple cultural connotations of \"Chineseness.\" This book maps the vast network of collecting practices in different periods and demonstrates the ways in which material things produced in China aquire new cultural identities through collecting practices."
          }
        ]
      }
    },
    {
      "650": {
        "ind1": "\\",
        "ind2": "0",
        "subfields": [
          {
            "a": "Art and globalization."
          }
        ]
      }
    },
    {
      "650": {
        "ind1": "\\",
        "ind2": "0",
        "subfields": [
          {
            "a": "Art objects, Chinese"
          },
          {
            "x": "Collectors and collecting"
          },
          {
            "x": "History."
          }
        ]
      }
    },
    {
      "650": {
        "ind1": "\\",
        "ind2": "0",
        "subfields": [
          {
            "a": "Object (Aesthetics)"
          }
        ]
      }
    },
    {
      "650": {
        "ind1": "\\",
        "ind2": "0",
        "subfields": [
          {
            "a": "Collectors and collecting"
          },
          {
            "x": "Social aspects."
          }
        ]
      }
    },
    {
      "650": {
        "ind1": "\\",
        "ind2": "0",
        "subfields": [
          {
            "a": "Collectors and collecting"
          },
          {
            "x": "Psychological aspects."
          }
        ]
      }
    },
    {
      "650": {
        "ind1": "\\",
        "ind2": "7",
        "subfields": [
          {
            "a": "Art and globalization."
          },
          {
            "2": "fast"
          },
          {
            "0": "(OCoLC)fst00815395"
          }
        ]
      }
    },
    {
      "650": {
        "ind1": "\\",
        "ind2": "7",
        "subfields": [
          {
            "a": "Art objects, Chinese"
          },
          {
            "x": "Collectors and collecting."
          },
          {
            "2": "fast"
          },
          {
            "0": "(OCoLC)fst00815716"
          }
        ]
      }
    },
    {
      "650": {
        "ind1": "\\",
        "ind2": "7",
        "subfields": [
          {
            "a": "Collectors and collecting"
          },
          {
            "x": "Psychological aspects."
          },
          {
            "2": "fast"
          },
          {
            "0": "(OCoLC)fst00867610"
          }
        ]
      }
    },
    {
      "650": {
        "ind1": "\\",
        "ind2": "7",
        "subfields": [
          {
            "a": "Collectors and collecting"
          },
          {
            "x": "Social aspects."
          },
          {
            "2": "fast"
          },
          {
            "0": "(OCoLC)fst00867611"
          }
        ]
      }
    },
    {
      "650": {
        "ind1": "\\",
        "ind2": "7",
        "subfields": [
          {
            "a": "Object (Aesthetics)"
          },
          {
            "2": "fast"
          },
          {
            "0": "(OCoLC)fst01042785"
          }
        ]
      }
    },
    {
      "655": {
        "ind1": "\\",
        "ind2": "7",
        "subfields": [
          {
            "a": "History."
          },
          {
            "2": "fast"
          },
          {
            "0": "(OCoLC)fst01411628"
          }
        ]
      }
    },
    {
      "700": {
        "ind1": "1",
        "ind2": "\\",
        "subfields": [
          {
            "a": "Rujivacharakul, Vimalin,"
          },
          {
            "d": "1972-"
          }
        ]
      }
    },
    {
      "994": {
        "ind1": "\\",
        "ind2": "\\",
        "subfields": [
          {
            "a": "Z0"
          },
          {
            "b": "NYRVC"
          }
        ]
      }
    },
    {
      "948": {
        "ind1": "\\",
        "ind2": "\\",
        "subfields": [
          {
            "h": "NO HOLDINGS IN NYRVC - 222 OTHER HOLDINGS"
          }
        ]
      }
    },
    {
      "999": {
        "ind1": "\\",
        "ind2": "\\",
        "subfields": [
          {
            "a": "00000000018663"
          }
        ]
      }
    }
  ]
}